% This file was created with JabRef 2.7.2.
% Encoding: Cp1252
%open this file in jabref
%I have cleaned this file. For example, please go the folder of TAMUthesis_LaTex_Template
@string{IEEEp = "Proc.\ IEEE"}
@string{IEEEtac   = "IEEE Trans.\ Autom.\ Control"}
@string{IEEEtaes  = "IEEE Trans.\ Aerosp.\ Electron.\ Syst."}
@string{IEEEtap   = "IEEE Trans.\ Antennas Propag."}
@string{IEEEtcom  = "IEEE Trans.\ Commun."}
@string{IEEEtit   = "IEEE Trans.\ Inf.\ Theory"}
@string{IEEEtmc   = "IEEE Trans.\ Mobile Comput."}
@string{IEEEtnet  = "IEEE/ACM Trans.\ Netw."}
@string{IEEEtsp   = "IEEE Trans.\ Signal Process."}
@string{IEEEtwcom = "IEEE Trans.\ Wireless Commun."}
@string{IEEEtvt   = "IEEE Trans.\ Veh.\ Technol."}
@string{IEEEjsac  = "IEEE J.\ Sel.\ Areas Commun."}
@string{IEEEcm    = "IEEE Commun.\ Mag."}
@string{IEEEspm   = "IEEE Signal Process.\ Mag."}
@string{IEEEtassp = "IEEE Trans.\ Acoust., Speech, Signal Process."}
@string{IEEEcomml = "IEEE Commun.\ Lett."}
@string{IEEEspl   = "IEEE Signal Process.\ Lett."}
@string{allerton = "Proceedings Annual Allerton Conference on Communication, Control, and Computing"}

@inproceedings{quteprints71808,
	booktitle = {36th Australasian Transport Research Forum (ATRF)},
	month = {October},
	title = {Bluetooth and Wi-Fi MAC address based crowd data collection and monitoring : benefits, challenges and enhancement},
	author = {Naeim Abedi and Ashish Bhaskar and Edward Chung},
	address = {Queensland University of Technology, Brisbane, QLD},
	year = {2013},
	keywords = {Pedestrian and Cyclists, MAC Address, Transportation, Human Spatio-temporal Movement, Crowd Monitoring},
	url = {http://eprints.qut.edu.au/71808/},
	abstract = {This paper firstly presents the benefits and critical challenges on the use of Bluetooth and Wi-Fi for crowd data collection and monitoring. The major challenges include antenna characteristics, environment{'}s complexity and scanning features. Wi-Fi and Bluetooth are compared in this paper in terms of architecture, discovery time, popularity of use and signal strength. Type of antennas used and the environment{'}s complexity such as trees for outdoor and partitions for indoor spaces highly affect the scanning range. The aforementioned challenges are empirically evaluated by {``}real{''} experiments using Bluetooth and Wi-Fi Scanners. The issues related to the antenna characteristics are also highlighted by experimenting with different antenna types. Novel scanning approaches including Overlapped Zones and Single Point Multi-Range detection methods will be then presented and verified by real-world tests. These novel techniques will be applied for location identification of the MAC IDs captured that can extract more information about people movement dynamics. }
}


@InProceedings{Ma_2013_CVPR,
	author = {Ma, Zheng and Chan, Antoni B.},
	title = {Crossing the Line: Crowd Counting by Integer Programming with Local Features},
	booktitle = {The IEEE Conference on Computer Vision and Pattern Recognition (CVPR)},
	month = {June},
	year = {2013}
}

@book{graham1994concrete,
	author        = {Graham, Ronald L. and Knuth, Donald E. and Patashnik, Oren},
	title         = {Concrete Mathematics: A Foundation for Computer Science},
	publisher     = {Addison-Wesley},
	edition       = {2 edition},
	year          = {1994}
}

@book{kay1993fundamentals,
	title={Fundamentals of Statistical Signal Processing: Estimation Theory},
	author={Kay, Steven M.},
	volume={1},
	year={1993},
	publisher={Prentice Hall}
}

@book{poor1998introduction,
	title={An Introduction to Signal Detection and Estimation},
	author={Poor, H. Vincent},
	edition={2nd edition},
	year={1998},
	publisher={Springer}
}

@book{casella2001statistical,
	title={Statistical Inference},
	author={Casella, George and Berger, Roger L.},
	edition={2nd edition},
	year={2001},
	publisher={Duxbury Thomson Learning}
}

@book{ross2008stochastic,
	title={Stochastic Processes},
	author={Ross, Sheldon M.},
	edition={2nd edition},
	year={1995},
	publisher={Wiley}
}

@book{mackay2003information,
	title={Information Theory, Inference, and Learning Algorithms},
	author={MacKay, David J. C.},
	year={2003},
	publisher={Cambridge University Press}
}

@book{cover2006elements,
	author= {Cover, Thomas M. and Thomas, Joy A.},
	title= {Elements of Information Theory},
	series= {Wiley Series in Telecommunications and Signal Processing},
	edition={2 edition},
	year={2006},
	publisher={Wiley-Interscience}
}

@book{moon2000mathematical,
	title={Mathematical Methods and Algorithms for Signal Processing},
	author={Moon, Todd K. and Stirling, Wynn C.},
	year={1999},
	publisher={Prentice Hall}
}

@book{goldsmith2005wireless,
	title={Wireless Communications},
	author={Goldsmith, Andrea},
	year={2005},
	publisher={Cambridge University Press}
}

@book{molisch2010wireless,
	title={Wireless Communications},
	author={Molisch, Andreas F.},
	edition={2 edition},
	year={2010},
	publisher={Wiley}
}

@manual{IEEESTD.2012.6178212,
	title={{IEEE Standard for Information technology -- Telecommunications and information exchange between systems Local and metropolitan area networks -- Specific requirements Part 11: Wireless LAN Medium Access Control (MAC) and Physical Layer (PHY) Specifications}},
	organization= "LAN/MAN Standards Committee, IEEE Computer Society",
	year="2012",
	doi="10.1109/IEEESTD.2012.6178212"
}

@manual{3GPP-antenna,
	title = {Spatial Channel Model for Multiple Input Multiple Output (MIMO) Simulations},
	organization = {Technical Specification Group Radio Access Network, 3rd Generation Partnership Project},
	year = {2011},
	note = {release 10},
	number = {3GPP TR 25.996 V10.0.0}
}

@manual{CiscoVNI2016,
	title= "Visual Networking Index: Global Mobile Data Traffic Forecast Update",
	organization= "Cisco Systems, Inc.",
	year="2016"
}

@article{abedi2013bluetooth,
	title={Bluetooth and Wi-Fi MAC address based crowd data collection and monitoring: benefits, challenges and enhancement},
	author={Abedi, Naeim and Bhaskar, Ashish and Chung, Edward},
	year={2013}
}

@article{sevtsuk2009mapping,
	title={Mapping the MIT campus in real time using WiFi},
	author={Sevtsuk, Andres and Huang, Sonya and Calabrese, Francesco and Ratti, Carlo},
	journal={Handbook of Research on Urban Informatics: The Practice and Promise of the Real-Time City},
	year={2009}
}

@inproceedings{tang2006putting,
	title={Putting people in their place: an anonymous and privacy-sensitive approach to collecting sensed data in location-based applications},
	author={Tang, Karen P and Keyani, Pedram and Fogarty, James and Hong, Jason I},
	booktitle={Proceedings of the SIGCHI conference on Human Factors in computing systems},
	pages={93--102},
	year={2006},
	organization={ACM}
}

@inproceedings{radu2013pazl,
	title={Pazl: A mobile crowdsensing based indoor WiFi monitoring system},
	author={Radu, Valentin and Kriara, Lito and Marina, Mahesh K},
	booktitle={Network and Service Management (CNSM), 2013 9th International Conference on},
	pages={75--83},
	year={2013},
	organization={IEEE}
}

@article{xi2014electronic,
	title={Electronic frog eye: Counting crowd using wifi},
	author={Xi, Wei and Zhao, Jizhong and Li, Xiang-Yang and Zhao, Kun and Tang, Shaojie and Liu, Xue and Jiang, Zhiping},
	journal={INFOCOM, 2014 Proceedings IEEE},
	pages={361--369},
	year={2014},
	publisher={IEEE}
}

@inproceedings{schauer2014estimating,
	title={Estimating crowd densities and pedestrian flows using wi-fi and bluetooth},
	author={Schauer, Lorenz and Werner, Martin and Marcus, Philipp},
	booktitle={Proceedings of the 11th International Conference on Mobile and Ubiquitous Systems: Computing, Networking and Services},
	pages={171--177},
	year={2014},
	organization={ICST (Institute for Computer Sciences, Social-Informatics and Telecommunications Engineering)}
}

@inproceedings{weppner2013bluetooth,
	title={Bluetooth based collaborative crowd density estimation with mobile phones},
	author={Weppner, Jens and Lukowicz, Paul},
	booktitle={Pervasive computing and communications (PerCom), 2013 IEEE international conference on},
	pages={193--200},
	year={2013},
	organization={IEEE}
}

@inproceedings{musa2012tracking,
	title={Tracking unmodified smartphones using {Wi-Fi} monitors},
	author={Musa, A. B. M. and Eriksson, Jakob},
	booktitle={Conference on Embedded Network Sensor Systems},
	pages={281--294},
	year={2012},
	organization={ACM}
}

@inproceedings{bonne2013wifipi,
	title={WiFiPi: Involuntary tracking of visitors at mass events},
	author={Bonne, Bram and Barzan, Arno and Quax, Peter and Lamotte, Wim},
	booktitle={World of Wireless, Mobile and Multimedia Networks (WoWMoM), 2013 IEEE 14th International Symposium and Workshops on a},
	pages={1--6},
	year={2013},
	organization={IEEE}
}

@article{wang2010survey,
	title={A survey on sensor localization},
	author={Wang, Jing and Ghosh, Ratan K. and Das, Sajal K.},
	journal={Journal of Control Theory and Applications},
	volume={8},
	number={1},
	pages={2--11},
	year={2010},
	publisher={Springer}
}

@article{sayed2005network,
	title={Network-based wireless location: challenges faced in developing techniques for accurate wireless location information},
	author={Sayed, Ali H and Tarighat, Alireza and Khajehnouri, Nima},
	journal=IEEEspm,
	volume={22},
	number={4},
	pages={24--40},
	year={2005},
	publisher={IEEE}
}

@article{wymeersch2009cooperative,
	title={Cooperative localization in wireless networks},
	author={Wymeersch, Henk and Lien, Jaime and Win, Moe Z.},
	journal={Proceedings of the IEEE},
	volume={97},
	number={2},
	pages={427--450},
	year={2009},
	publisher={IEEE}
}

@article{smith1981use,
	title={The use of queuing networks in the evaluation of egress from buildings},
	author={Smith, J. M. and Towsley, D.},
	journal={Environment and Planning {B}: Planning and Design},
	volume={8},
	number={2},
	pages={125--139},
	year={1981},
	publisher={Pion Ltd, London}
}

@inproceedings{pang2007802,
	title={802.11 User Fingerprinting},
	author={Pang, Jeffrey and Greenstein, Ben and Gummadi, Ramakrishna and Seshan, Srinivasan and Wetherall, David},
	booktitle={Proceedings of the 13th annual ACM international conference on Mobile computing and networking},
	pages={99--110},
	year={2007},
	organization={ACM},
	doi={10.1145/1287853.1287866}
}

@inproceedings{barbera2013signals,
	title={Signals from the crowd: {U}ncovering social relationships through smartphone probes},
	author={Barbera, Marco V. and Epasto, Alessandro and Mei, Alessandro and Perta, Vasile C. and Stefa, Julinda},
	booktitle={Internet Measurement Conference},
	pages={265--276},
	year={2013},
	organization={ACM}
}

@inproceedings{wang2013measuring,
	title={Measuring human queues using {WiFi} signals},
	author={Wang, Yan and Yang, Jie and Liu, Hongbo and Chen, Yingying and Gruteser, Marco and Martin, Richard P.},
	booktitle={International Conference on Mobile Computing \& Networking},
	pages={235--238},
	year={2013},
	organization={ACM}
}

@article{shen2012accurate,
	title={Accurate passive location estimation using {TOA} measurements},
	author={Shen, Junyang and Molisch, Andreas F. and Salmi, Jussi},
	journal=IEEEtwcom,
	volume={11},
	number={6},
	pages={2182--2192},
	year={2012},
	publisher={IEEE}
}

@article{patwari2010rf,
	title={{RF} sensor networks for device-free localization: {M}easurements, models, and algorithms},
	author={Patwari, Neal and Wilson, Joey},
	journal=IEEEp,
	volume={98},
	number={11},
	pages={1961--1973},
	year={2010},
	publisher={IEEE}
}

@article{depatla2015occupancy,
	title={Occupancy Estimation Using Only {WiFi} Power Measurements},
	author={Depatla, Saandeep and Muralidharan, Arjun and Mostofi, Yasamin},
	journal=IEEEjsac,
	volume={33},
	number={7},
	pages={1381--1393},
	year={2015},
	publisher={IEEE}
}

@article{naini2015opportunistic,
	title={Opportunistic Sampling for Joint Population Size and Density Estimation},
	author={Naini, Farid Movahedi and Dousse, Olivier and Thiran, Patrick and Vetterli, Martin},
	journal=IEEEtmc,
	volume={14},
	number={12},
	pages={2530--2543},
	year={2015},
	publisher={IEEE}
}

@inproceedings{agarwal2010occupancy,
	title={Occupancy-driven energy management for smart building automation},
	author={Agarwal, Yuvraj and Balaji, Bharathan and Gupta, Rajesh and Lyles, Jacob and Wei, Michael and Weng, Thomas},
	booktitle={Workshop on Embedded Sensing Systems for Energy-Efficiency in Building},
	pages={1--6},
	year={2010},
	organization={ACM}
}

@inproceedings{tunon2015orientation,
	title={Orientation-awareness and wireless systems},
	author={Tunon, D. and Chamberland, J.-F. and Huff, G. H.},
	booktitle={Inf.\ Theory and App.\ Workshop (ITA)},
	pages={230--234},
	year={2015},
	organization={IEEE}
}

@article{patwari2005locating,
	title={Locating the nodes: cooperative localization in wireless sensor networks},
	author={Patwari, Neal and Ash, Joshua N. and Kyperountas, Spyros and Hero III, Alfred O. and Moses, Randolph L. and Correal, Neiyer S.},
	journal=IEEEspm,
	volume={22},
	number={4},
	pages={54--69},
	year={2005},
	publisher={IEEE}
}

@article{li2002detection,
	title={Detection, classification, and tracking of targets},
	author={Li, Dan and Wong, Kerry D. and Hu, Yu Hen and Sayeed, Akbar M.},
	journal=IEEEspm,
	volume={19},
	number={2},
	pages={17--29},
	year={2002},
	publisher={IEEE}
}

@article{sheng2005maximum,
	title={Maximum likelihood multiple-source localization using acoustic energy measurements with wireless sensor networks},
	author={Sheng, Xiaohong and Hu, Yu Hen},
	journal=IEEEtsp,
	volume={53},
	number={1},
	pages={44--53},
	year={2005},
	publisher={IEEE}
}

@article{djuric2008target,
	title={Target tracking by particle filtering in binary sensor networks},
	author={Djuri{\'c}, Petar M. and Vemula, Mahesh and Bugallo, M{\'o}nica F.},
	journal=IEEEtsp,
	volume={56},
	number={6},
	pages={2229--2238},
	year={2008},
	publisher={IEEE}
}

@article{ozdemir2009channel,
	title={Channel aware target localization with quantized data in wireless sensor networks},
	author={Ozdemir, Onur and Niu, Ruixin and Varshney, Pramod K},
	journal=IEEEtsp,
	volume={57},
	number={3},
	pages={1190--1202},
	year={2009},
	publisher={IEEE}
}

@article{vempaty2013localization,
	title={Localization in wireless sensor networks: Byzantines and mitigation techniques},
	author={Vempaty, Aditya and Ozdemir, Onur and Agrawal, Kunal and Chen, Hao and Varshney, Pramod K},
	journal=IEEEtsp,
	volume={61},
	number={6},
	pages={1495--1508},
	year={2013},
	publisher={IEEE}
}

@article{friis1946note,
	title={A note on a simple transmission formula},
	author={Friis, Harald T.},
	journal={Proceedings of the IRE},
	volume={34},
	number={5},
	pages={254--256},
	year={1946},
	publisher={IEEE}
}

@book{kraus1988antennas,
	title = {Antennas},
	author = {Kraus, John D},
	edition = {2 edition},
	year = {1988},
	publisher={McGraw-Hill}
}






