% This file was created with JabRef 2.7.2.
% Encoding: Cp1252
%open this file in jabref
%I have cleaned this file. For example, please go the folder of TAMUthesis_LaTex_Template
@Article{einstein,
  Title                    = {{Zur Elektrodynamik bewegter K{\"o}rper}.        ({German})
 [{On} the electrodynamics of moving bodies]},
  Author                   = {Albert Einstein},
  Journal                  = {Annalen der Physik},
  Year                     = {1905},
  Number                   = {10},
  Pages                    = {891--921},
  Volume                   = {322},

  Doi                      = {http://dx.doi.org/10.1002/andp.19053221004}
}

@Article{Barn-JORVQ,
  author =       {Christopher F Barnes and Richard L Frost},
  title =        {Residual Vector Quantizers with Jointly Optimized Code Books},
  journal =      {Advances in Electronics and Electron Physics},
  year =         1992,
  OPTkey =       {},
  volume =       {84},
  OPTnumber =    {},
  pages =        {1--59},
  OPTmonth =     {},
  OPTnote =      {},
  OPTannote =    {}
}